4042 5950
2042 274 2513 357 —270—

766 434 835 497 2.
883 430 1159 500 (laudam
1204 428 1552 499 demittere
1589 432 1654 499 in
1686 431 1913 501 iisdem
1957 437 2215 502 Proces-

631 518 941 675 ἱίοὲἰῠῑιε,
993 530 1058 587 et
1111 519 1538 587 caudatarium
1589 520 1697 608 qui
1749 520 1865 590 sibi
1923 522 2218 590 inserviat

683 626 714 673 a
763 623 915 688 ere;

765 700 829 764 3.
882 694 1128 763 Missam
1160 695 1392 763 lectam
1422 696 1527 763 vel
1561 708 1865 765 cantatam
1896 708 2076 766 extra
2105 703 2214 769 Ca-

630 781 989 852 thedralem
1044 783 1398 869 celebrare,
1448 787 1640 855 cauda
1691 787 1964 855 demissa
2008 807 2215 875 eaque

627 890 747 960 per
782 872 1107 941 clericum
1138 882 1446 959 sustenta,
1474 892 1593 941 nec
1623 894 1750 942 non
1778 875 2216 945 assistentibus

625 960 743 1028 sibi
803 961 881 1028 ad
944 962 1189 1029 Missam
1256 963 1485 1029 lectam
1543 963 1791 1031 duobus
1855 964 2210 1051 eanoniois,

624 1049 774 1136 plus
837 1069 1025 1137 qnam
1084 1048 1247 1117 binis
1313 1049 1595 1118 candelis
1649 1054 1924 1119 accensis
1980 1052 2046 1119 in
2105 1054 2211 1122 Al-

625 1136 770 1224 tari‚
820 1157 1074 1206 necnon
1118 1139 1196 1206 ad
1242 1138 1412 1206 istud
1474 1139 1679 1206 Calice
1723 1140 1902 1227 prins
1944 1141 2209 1210 delatos

624 1227 1042 1312 quamobrem
1113 1237 1523 1294 recurrentes
1590 1226 1920 1297 humiliter
1986 1241 2212 1320 rogant

624 1322 724 1397 ut,
763 1313 1136 1382 necessariis
1180 1314 1477 1383 adhibitis
1521 1316 2012 1405 provisionibus,
2061 1322 2213 1387 abu·

620 1422 728 1469 sus
772 1422 963 1490 supra
1016 1403 1317 1471 recensiti
1382 1404 1833 1492 impediantur,
1884 1417 1951 1474 et
2001 1409 2213 1475 omnia

622 1491 701 1558 ad
731 1509 1021 1558 normam
1054 1496 1472 1560 Decretorum
1506 1495 1727 1561 Sacrae
1759 1494 2016 1563 Rituum
2049 1501 2210 1565 Con-

621 1579 1008 1669 gregationis
1055 1580 1463 1648 ordinentur.

750 1669 1122 1737 Cuiusmodi
1190 1670 1492 1755 precibus
1558 1689 1679 1759 per
1735 1670 2210 1763 infrascriptum

619 1755 1045 1824 secretarium
1094 1757 1315 1824 relatis
1370 1756 1439 1825 in
1495 1757 1823 1827 ordinario
1867 1762 2070 1830 Coetu
2128 1762 2204 1829 ad

617 1843 943 1924 Quirinale
990 1844 1302 1914 hodierna
1358 1848 1465 1915 die
1522 1846 1773 1934 habito,
1820 1850 2207 1918 Eminentis·

615 1932 758 1999 simi
794 1943 859 2000 et
889 1936 1433 2004 Reverendissimi
1475 1939 1687 2003 Patres
1715 1938 1783 2004 in
1810 1951 1962 2005 voto
1995 1938 2205 2025 fuere,

616 2031 689 2088 ut
734 2022 1134 2091 scriberetur
1177 2023 1497 2114 Episcopo
1541 2044 1661 2094 ceu
1706 2027 2044 2113 sequitur:

871 2168 1039 2235 nme
1084 2168 1220 2234 Diie
1266 2166 1361 2233 uti
1407 2172 1645 2234 Frater.

746 2311 785 2357 ‹
820 2290 1024 2368 Quum
1073 2290 1149 2357 ad
1207 2291 1369 2359 banc
1432 2293 1679 2358 Sacram
1731 2291 1994 2360 Rituum
2038 2296 2202 2360 Con·

613 2378 1055 2469 gregationem
1133 2380 1549 2467 pervenerint
1626 2397 1855 2465 preces
1928 2381 2203 2470 Capituli

613 2468 794 2535 istius
840 2466 1234 2537 cathedralis
1278 2466 1556 2536 Civitatis
1599 2469 2013 2554 castellanae,
2049 2489 2202 2556 quas

612 2550 987 2642 Amplitudo
1018 2559 1145 2621 Tua
1179 2555 1243 2622 in
1275 2555 1448 2623 hunc
1478 2556 1783 2623 eumdem
1824 2556 2197 2627 fasciculum

613 2644 932 2713 coniectas
1007 2643 1294 2732 reperiet
1334 2667 1351 2732 ;
1431 2662 1757 2731 quumque
1831 2646 2197 2734 Capitulum

612 2733 629 2798 i
680 2742 844 2800 sum‘
869 2730 1287 2799 necessariam
1324 2744 1619 2821 exposcat
1648 2732 2080 2821 provisionem
2118 2737 2196 2804 ad

610 2753 1034 2889 eliminandos
1095 2821 1435 2888 nonnullos
1496 2822 1757 2906 abusus,
1820 2841 1977 2908 quos
2038 2826 2198 2892 irre-

608 2907 812 3000 psisse
856 2907 1080 2992 asserit
1111 2928 1195 2977 ex
1226 2927 1355 2996 quo
1384 2909 1735 2979 hodiernus
1766 2908 2048 2981 vicarius
2078 2916 2197 2982 Ge-

607 2997 842 3090 neralis
887 2998 1204 3066 Dioecesis
1249 3000 1445 3088 ipsius
1506 3000 1674 3066 inter
1730 3001 2198 3069 Protonotarios

607 3086 922 3155 ‘l'itulares
965 3086 1256 3155 adlectus
1302 3088 1467 3170 fuit3
1531 3087 1678 3156 binc
1737 3089 1799 3155 in
1854 3089 2194 3157 ordinariis

604 3175 888 3244 Comitiis
932 3175 1009 3243 ad
1041 3176 1364 3255 Quirinale
1405 3175 1766 3262 subsignata
1813 3176 1919 3256 die
1966 3179 2194 3248 coadu-

604 3264 769 3332 natis
820 3264 1318 3332 Eminentissimi
1381 3276 1446 3332 et
1502 3264 2042 3334 Reverendissimi
2085 3272 2192 3335 Pa-

603 3364 736 3420 tres
792 3351 994 3421 Sacris
1049 3354 1306 3421 tuendis
1372 3352 1616 3421 Ritibus
1677 3354 2026 3443 praepositi
2089 3374 2190 3423 re-

600 3441 1016 3510 scribendum
1050 3455 1442 3510 censuerunt
1470 3464 1488 3509 ι
1538 3442 1892 3510 Serventur
1921 3446 2190 3512 Decreta

601 3550 680 3598 ac
733 3532 1086 3596 novissima
1147 3531 1549 3598 Comtitutio
1605 3532 1816 3615 quoad
1877 3533 2190 3599 Procone-

602 3622 807 3687 tart‘os
854 3616 1248 3702 Apostolicos
1275 3640 1335 3687 s.
1368 3638 1454 3686 m.
1491 3621 1601 3686 Pii
1632 3622 1858 3708 Papae
1909 3623 2037 3687 1⁷11.
2089 3623 2187 3690 Ad

597 3706 1066 3793 praecavendas
1098 3726 1251 3774 vero
1283 3725 1716 3794 quascumque
1762 3708 2189 3778 dissensiones

597 3794 793 3861 satius
826 3812 965 3860 esse
999 3794 1188 3862 duxit
1220 3795 1352 3885 ipsa
1376 3798 1559 3863 Sacra
1582 3797 2006 3886 congregatio
2038 3803 2186 3867 Am·

601 3882 900 3973 plitudini
926 3885 1093 3949 Tuae
1121 3882 1482 3972 iniungere,
1509 3895 1583 3951 nt
1611 3884 1946 3972 provideat
1975 3888 2182 3971 quoad

598 3971 874 4060 singula,
922 3989 1083 4057 quae
1131 3971 1424 4040 indebite
1482 3972 1559 4039 ab
1618 3976 1893 4061 ipsomet
1937 3976 2184 4043 Vicario

600 4061 1052 4148 exquiruntur.
1101 4059 1424 4128 Sancitum
1468 4072 1566 4128 est
1612 4060 1783 4129 enim
1828 4063 2072 4151 pluries
2119 4064 2185 4131 in

596 4146 936 4229 similibus,
985 4150 1159 4235 quod
1207 4149 1259 4216 si
1304 4148 1815 4218 Processionibus
1867 4151 2187 4219 intersunt

598 4237 826 4306 vicarii
871 4239 1215 4304 Generales
1263 4237 1462 4326 (quod
1498 4238 1666 4305 valet
1696 4238 1886 4305 etiam
1920 4239 2002 4307 de
2036 4243 2180 4306 Pro-

597 4324 952 4426 tonotariis)
1003 4335 1066 4392 et
1114 4345 1241 4394 non
1274 4336 1589 4415 occupent
1636 4327 1850 4395 locum
1887 4327 2183 4415 propriae

598 4414 1007 4501 receptionis,
1057 4414 1357 4482 incedant
1401 4413 1667 4500 quidem
1733 4415 1960 4483 ultimo
2009 4417 2178 4503 loco,

594 4521 826 4570 verum
870 4500 1352 4570 distributiones
1395 4502 1710 4588 amittant,
1743 4523 1812 4570 ac
1856 4504 2182 4591 longiores

594 4591 789 4658 vestis
836 4590 1046 4657 talaris
1090 4588 1369 4658 fimbrias
1427 4601 1718 4659 extensas
1772 4611 1888 4660 seu
1948 4591 2184 4660 solutas

594 4688 849 4768 gestare
895 4689 1241 4765 nequeant,
1291 4697 1489 4764 quum
1539 4698 1669 4746 non
1712 4679 1840 4748 sint
1883 4681 2181 4749 Functio-

594 4766 778 4835 narii.
826 4767 1040 4847 Quoad
1072 4786 1228 4834 vero
1263 4767 1431 4835 Sacri
1464 4767 1993 4850 celebrationem,
2031 4789 2181 4837 con·

594 4856 871 4924 formare
936 4876 1004 4924 se
1065 4855 1306 4923 debent
1373 4854 1440 4923 in
1505 4855 1798 4926 omnibus
1866 4877 2181 4926 memora·

592 4955 694 5011 tae
746 4942 1191 5013 constitutioni
1250 4965 1307 5011 s.
1355 4962 1443 5011 m.
1500 4945 1588 5012 Pii
1647 4949 1847 5038 Papae
1894 4951 2000 5015 vn
2032 4948 2181 5015 idi-

590 5030 709 5098 bus
762 5032 1131 5102 Decembris
1196 5036 1388 5102 1818.
1451 5036 1620 5101 Hanc
1683 5035 1899 5122 itaque
1952 5038 2180 5104 Sacrae

592 5120 1115 5209 congregationis
1172 5131 1458 5188 mentem
1503 5122 1957 5211 Amplitudinis
2010 5128 2179 5191 Tuae

592 5206 718 5274 erit
755 5209 1160 5276 omnimodae
1208 5210 1623 5295 exequutioni
1656 5210 2071 5296 demandare,
2108 5229 2180 5277 ea

682 5317 714 5362 a
766 5296 959 5364 decet
1015 5296 1396 5384 prudentia,
1461 5307 1534 5364 ut
1593 5298 1834 5365 cunctis
1895 5298 1960 5365 in
2018 5317 2175 5386 pace

590 5315 913 5474 gilspositis
956 5403 1027 5450 ac
1073 5382 1416 5466 ordinatis,
1464 5400 1583 5449 nec
1631 5384 1695 5450 in
1738 5383 2001 5450 minimo
2049 5387 2176 5451 lae-

2312 436 2548 504 dantur
2593 436 2781 506 huius
2827 440 3088 508 Sanctae
3137 440 3317 509 Sedis
3359 443 3571 528 quoad
3606 444 3882 512 ecclesia·
3970 474 3971 539 3

2312 524 2501 592 sticas
2554 525 2916 595 functiones
2972 529 3564 617 providentissimae
3620 533 3882 600 Sanctio-

2314 631 2450 681 nes.
2501 617 2585 680 Et
2629 615 3001 705 Amplitudo
3048 621 3175 684 Tua
3235 618 3346 686 diu
3406 619 3567 687 felix
3613 632 3678 687 et
3722 621 3879 688 inco·

2315 701 2505 768 lumis
2551 702 2747 771 vivat.
2797 709 3033 772 Romae
3081 709 3164 773 27
3212 708 3479 794 Augusti
3535 712 3721 777 1836.

2316 877 2562 950 2⁷5⁷.
2786 882 3062 949 sANc‘ri
3104 885 3426 952 ulmari.
3672 884 3881 972 (mss)

2438 1055 2536 1119 Ex
2581 1050 2707 1139 quo
2754 1054 3133 1140 parochialis
3166 1056 3449 1124 Ecclesia
3498 1062 3632 1125 Deo
3678 1058 3741 1126 in
3780 1062 3881 1128 ho·
3970 1038 3971 1043 ¹

2310 1159 2534 1207 norem
2603 1142 2813 1210 Sancti
2880 1145 3099 1210 Donati
3179 1144 3380 1212 dicata
3402 1194 3420 1230 ,
3496 1145 3638 1213 loco
3702 1149 3879 1235 vulgo

2314 1229 2871 1313 castel-Martiae,
2920 1232 3237 1300 Dioecesis
3280 1235 3492 1302 Sancti
3542 1235 3770 1303 niniati
3811 1241 3879 1304 ita

2306 1318 2593 1386 seiuncta
2639 1318 2762 1386 fuit
2806 1340 2839 1385 a
2884 1319 3179 1389 Plebania
3233 1334 3604 1410 nuncupata
3652 1328 3877 1393 Cacina
3970 1332 3971 1341 ’

2307 1405 2505 1494 ipsius
2547 1406 2890 1494 Dioecesis,
2939 1418 3011 1476 ut
3056 1428 3281 1495 aquam
3334 1431 3456 1499 pro
3504 1412 3879 1480 administra·
3970 1428 3971 1431 ’

2309 1498 2481 1562 tione
2525 1494 2922 1584 Baptismatis
2952 1497 3071 1564 sibi
3103 1517 3473 1586 comparare
3522 1499 3789 1568 deberet
3815 1502 3878 1568 ab

2258 1615 2266 1622 ·
2310 1584 2594 1652 Ecclesia
2629 1583 2910 1665 matrici3
2944 1587 3256 1673 populum
3289 1588 3462 1654 inter
3494 1599 3566 1656 et
3586 1590 3875 1689 populum

2308 1673 2683 1740 innumerae
2730 1683 2908 1740 ortae
2936 1687 3085 1742 sunt
3117 1677 3597 1744 controversiae
3626 1697 3689 1744 m
3720 1699 3876 1767 prae-

2305 1762 2657 1829 sentiarum
2702 1761 3043 1848 vigentesz

2306 1849 2753 1938 ponendisque
2798 1854 3092 1919 Reveren
3144 1853 3355 1919 issimo
3403 1858 3456 1920 E
3508 1854 3723 1943 iscopo
3770 1857 3873 1923 boc

2306 1957 2506 2007 unum
2564 1949 3000 2027 opportunum
3061 1940 3209 2007 satis
3262 1960 3404 2008 rem
3494 1942 3631 2009 ium
3692 1944 3874 2011 visum

2306 2038 2429 2113 est,
2467 2027 2756 2114 erigendi
2789 2026 3096 2095 nimirum
3135 2030 3400 2096 Fontem
3449 2030 3871 2120 Baptismalem
3970 2038 3971 2051 ¹

2306 2118 2372 2184 in
2416 2116 2761 2206 parochiali
2809 2116 3092 2183 Ecclesia
3151 2117 3361 2185 Sancti
3413 2120 3668 2206 Donati,
3712 2141 3745 2186 a
3785 2123 3873 2187 Pa-

2306 2207 2500 2275 rocho
2546 2224 2665 2293 pro
2710 2214 3002 2294 tempore
3048 2207 3222 2272 statis
3250 2205 3484 2275 diebus
3516 2207 3875 2275 benedicen-

2304 2295 2511 2376 dum;
2569 2295 2725 2382 quin
2787 2294 2934 2363 inde
2983 2292 3048 2360 in
3094 2294 3308 2381 aliquo
3364 2295 3705 2364 laedantur
3759 2296 3872 2364 iura

2302 2382 2625 2451 Ecclesiae
2683 2382 3004 2466 matricis,
3065 2400 3228 2469 quae
3287 2395 3452 2450 sarta
3512 2404 3768 2474 semper
3820 2397 3873 2453 et

2305 2481 2469 2539 tecta
2517 2490 2659 2539 esse
2702 2472 2971 2539 debent.
3033 2472 3475 2558 Apostolicum
3536 2474 3617 2542 ad
3677 2473 3739 2541 id
3794 2474 3873 2540 in·

2300 2560 2558 2629 dultum
2602 2559 2975 2628 humillimis
3021 2559 3185 2627 datis
3230 2560 3533 2649 precibus
3565 2582 3601 2627 a
3631 2562 3875 2630 Sanctis-

2298 2649 2459 2716 simo
2519 2649 2789 2716 Domino
2850 2647 3158 2733 Gregorio
3206 2652 3344 2717 XVI
3400 2649 3711 2718 Pontifice
3765 2654 3872 2716 lla-

2299 2737 2471 2804 ximo
2518 2736 2962 2826 expostulabat
3007 2736 3323 2805 Parocbus
3369 2738 3585 2805 Sancti
3632 2738 3869 2817 Donati;

2297 2824 2481 2912 queis
2502 2845 2613 2891 sua
2635 2836 2781 2892 vota
2806 2823 3039 2894 adiecit
3061 2826 3661 2895 Reverendissimus
3683 2824 3873 2895 Sancti

2296 2912 2526 2983 Miniati
2576 2913 2958 3004 Episcopus.

2427 3002 2734 3072 Sanctitas
2777 3007 2926 3090 Sua,
2961 3002 3174 3070 audita
3218 3002 3296 3069 ab
3334 3003 3738 3094 infrascripto
3782 3006 3870 3072 Sa·

2294 3109 2439 3158 crae
2472 3091 2728 3158 Rituum
2760 3091 3283 3180 congregationis
3314 3092 3678 3160 secretario
3709 3091 3870 3160 fideli

2293 3179 2632 3259 relatione,
2678 3180 3138 3269 perpensisque
3183 3181 3499 3247 rationum
3544 3179 3872 3247 momentis

2293 3268 2370 3335 ab
2415 3269 2646 3336 eodem
2691 3267 3247 3337 Reverendissimo
3294 3267 3618 3370 Episcopo
3666 3270 3731 3335 in
3756 3268 3870 3335 suis
3970 3347 3971 3360 χ

2293 3356 2825 3424 testimonialibus
2868 3357 3102 3425 litteris
3151 3367 3490 3445 expositis:
3539 3378 3581 3423 ι
3606 3361 3696 3425 De
3739 3375 3869 3444 spe·

2292 3444 2434 3513 ciali
2479 3445 2675 3534 gratia
2720 3445 2787 3512 in
2820 3447 3195 3535 exemplum
3232 3465 3362 3513 non
3391 3444 3741 3531 afferenda,
3772 3447 3867 3511 be·

2292 3534 2489 3620 nigne
2534 3533 2756 3602 annuit
2802 3535 2976 3602 iuxta
3020 3535 3243 3623 petita,
3292 3533 3745 3620 commisitque
3788 3532 3865 3599 ei·

2289 3624 2440 3692 dem
2493 3622 3050 3690 Reverendissimo
3109 3622 3427 3711 Episcopo
3449 3670 3467 3706 ,
3515 3632 3592 3689 ut
3636 3639 3867 3689 summa
3970 3641 3971 3716 ᾗ

2289 3709 2630 3866 prudentia
2687 3709 2936 3800 singula
2994 3712 3071 3780 ad
3131 3729 3356 3798 pacem
3417 3719 3756 3812 componat
3801 3729 3865 3774 ac
3970 3725 3971 3752 ¹

2337 3798 2778 3886 iligentissime
2811 3810 3020 3887 curet,
3048 3818 3130 3867 ne
3159 3799 3267 3866 vel
3302 3800 3368 3866 in
3398 3799 3667 3867 minimo
3696 3816 3864 3885 prae-

2286 3887 2609 3955 iudicetur
2655 3887 2898 3955 iuribus
2946 3889 3269 3957 Ecclesiae
3298 3886 3575 3955 matricis
3602 3909 3669 3954 ».
3717 3890 3862 3954 Con·
3970 3905 3971 3972 j

2288 3976 2498 4042 trariis
2543 3993 2672 4042 non
2719 3976 3110 4045 obstantibus
3167 3977 3706 4064 quibuscumque.
3763 3972 3860 4041 Die

2286 4068 2327 4133 9
2374 4064 2773 4150 Septembris
2825 4068 3016 4133 1836.

2288 4206 2538 4278 2758.
2908 4208 3240 4277 MASSEN.

2414 4331 2775 4417 Antequam
2822 4329 3139 4397 Dioecesis
3186 4328 3510 4397 massensis
3572 4327 3856 4396 canonice

2284 4416 2675 4507 erigeretur,
2724 4419 2896 4505 quod
2943 4417 3173 4486 accidit
3217 4416 3576 4485 novissimis
3621 4428 3860 4505 tempo·

3640 4204 3858 4296 (4799)

2282 4505 2479 4590 ribus,
2514 4508 2789 4573 maiima
2819 4526 2961 4594 pars
2991 4507 3279 4575 locorum
3324 4505 3680 4573 Dioecesim
3710 4504 3857 4572 hanc
3970 4521 3971 4602 j

2283 4593 2351 4661 in
2393 4594 2901 4684 praesentiarum
2960 4594 3457 4680 efformantium‚
3507 4594 3701 4661 etiam
3746 4597 3859 4660 Du·

2283 4694 2460 4750 catus
2506 4686 2736 4750 nassae
2783 4694 2848 4750 et
2892 4684 3212 4751 Carrariae
3258 4682 3675 4771 Principatns,
3720 4680 3856 4749 sub-
3970 4733 3971 4748 ,

2283 4771 2616 4840 iiciebatur
2658 4770 2970 4860 spirituali
3002 4771 3301 4860 Episcopi
3348 4775 3595 4840 Lunen.
3633 4782 3700 4839 et
3728 4774 3855 4840 Sar-

2283 4879 2510 4928 zanen.
2560 4858 3013 4950 iurisdictioni;
3065 4861 3242 4929 cuius
3288 4859 3606 4928 Dioecesis
3664 4872 3852 4948 quum

2283 4950 2666 5039 praecipuus
2686 4948 2767 5015 sit
2789 4951 3092 5017 Patronus
3116 4953 3376 5017 Sanctus
3399 4949 3681 5017 Andreas
3704 4952 3854 5045 qu-

2278 5039 2508 5122 stolus,
2563 5040 2822 5104 Festum
2878 5035 3013 5105 eius
3070 5037 3363 5105 universa
3423 5037 3490 5104 in
3546 5038 3847 5116 moenem,

2282 5133 2348 5190 et
2392 5128 2625 5192 Massae
2671 5143 2928 5213 quoque
2977 5137 3042 5194 et
3085 5126 3431 5212 Canariae,
3475 5127 3560 5194 de
3651 5140 3850 5193 raece-

2279 5222 2393 5298 pto
2437 5213 2843 5293 servabatur;
2894 5232 2970 5279 eo
3024 5217 3129 5284 vel
3184 5215 3418 5302 magiS,
3468 5234 3555 5301 qu
3688 5214 3848 5281 idem

2279 5302 2622 5388 Apostolus
2667 5312 2764 5368 est
2807 5301 3100 5370 Titularis
3130 5302 3515 5405 collegiatae
3547 5301 3849 5400 Ecclesiae

2282 5387 2718 5455 Carratiensis.
2768 5388 3013 5456 Primus
3057 5390 3375 5460 Dioecesis
3416 5395 3678 5460 nasson.
3712 5395 3847 5475 Epi·

3139 1763 3275 1831 ueis
3320 1765 3689 1834 evellendis
3733 1787 3874 1835 com·
3970 1772 3971 1787 ¹
