4042 5950
2019 261 2488 337 ...140-

608 436 919 504 peragere
986 420 1241 486 debeat.
1313 422 1440 496 Qua
1503 418 1934 487 declaratione
1994 418 2183 483 etiam

608 518 831 589 quarto
878 506 1073 572 dubio
1119 507 1265 572 satis
1309 528 1634 593 superque
1693 509 2014 594 provisum
2064 518 2181 571 est.

739 597 815 658 Et
862 596 1148 677 quamvis
1194 596 1356 661 clara
1402 597 1482 660 sit
1528 597 1836 660 resolutio
1881 595 2083 659 relate
2109 595 2186 660 ad

609 681 778 747 aliud
829 684 1000 765 quod
1049 696 1342 766 superest
1388 685 1682 766 dubium,
1712 683 1793 746 ita
1827 693 1896 747 ut
1928 683 2187 747 omnino

608 771 912 848 servanda
957 770 1081 834 sint
1128 774 1390 837 Decreta
1422 791 1581 856 quae
1616 769 2030 856 prodierunt;
2060 787 2187 834 ma-

611 856 758 920 ioris
805 869 1014 922 tamen
1062 859 1356 924 claritatis
1405 876 1587 943 ergo,
1627 861 1795 924 iuxta
1829 861 2187 924 S.C.men-

611 956 763 1027 tem,
813 945 1219 1011 decernimus
1266 947 1328 1012 in
1361 946 1807 1013 distributione
1855 950 2186 1011 Festorum

607 1035 911 1099 servanda
961 1053 1100 1098 esse
1134 1045 1360 1099 statuta
1395 1034 1791 1100 Vasionensis
1837 1033 2185 1117 Ecclesiae,

608 1119 814 1200 habita
875 1120 1117 1187 ratione
1179 1123 1696 1205 consuetudinis»,
1756 1141 1918 1206 quae
1981 1140 2186 1205 usque

607 1209 797 1274 modo
845 1208 1142 1293 obtinuit,
1194 1211 1272 1275 ita
1323 1224 1392 1275 ut
1437 1232 1470 1274 a
1517 1209 1982 1276 consuetudine
2031 1210 2188 1274 ratio

607 1295 964 1381 explicandi
1018 1298 1130 1364 hac
1178 1298 1238 1363 in
1287 1310 1464 1384 parte
1498 1309 1726 1363 statuta
1776 1298 2049 1382 petenda
2079 1296 2183 1362 sit.

737 1387 1018 1450 Tandem
1087 1388 1293 1470 quoad
1366 1387 1804 1472 quaestionem
1881 1385 2188 1465 alteram,

606 1471 784 1536 cuius
818 1493 896 1537 ne
931 1474 1171 1538 mentio
1196 1475 1460 1558 quidem
1494 1474 1707 1555 fiebat,
1738 1491 1881 1538 cum
1909 1475 2188 1558 primum

606 1560 888 1646 quinque
950 1561 1140 1627 dubia
1202 1563 1466 1627 fuerunt
1526 1563 1938 1643 concordata,
2004 1572 2070 1627 et
2125 1561 2189 1626 in

605 1654 673 1714 S.
691 1652 761 1713 C.
789 1649 1135 1736 proposita:
1172 1669 1324 1715 num
1350 1650 1592 1717 scilicet
1623 1654 1804 1715 Festa
1826 1669 1987 1733 quae
2014 1650 2189 1715 iuxta

606 1735 904 1803 Rubricas
940 1736 1372 1804 transferenda
1403 1753 1572 1820 sunt,
1602 1738 1880 1805 debeant
1912 1756 2058 1803 cum
2089 1759 2188 1801 ea-

606 1825 758 1890 dem
807 1824 1209 1890 solemnitate
1259 1828 1594 1907 ceiebrari,
1623 1843 1782 1912 quae
1831 1824 1894 1891 in
1938 1824 2189 1890 statutis

608 1911 1143 1997 praescriptisque
1191 1914 1415 1980 diebus
1451 1916 1671 1981 fuisset
1703 1913 2007 1990 adhibita;
2043 1932 2189 1978 con·

605 1999 1015 2066 suetudinem
1063 2002 1328 2087 pariter,
1379 2023 1541 2088 quae
1593 2003 1894 2067 hactenus
1942 2012 2185 2065 servata

609 2086 749 2170 luit,
781 2087 840 2152 in
873 2102 1196 2173 posterum
1226 2093 1568 2158 tenendam
1600 2109 1740 2156 esse
1765 2089 2184 2155 declaramus.

738 2179 860 2240 Hae
918 2189 1066 2242 sunt
1123 2180 1543 2245 resolutiones
1603 2193 1666 2244 et
1724 2177 2186 2245 declarationes

607 2263 778 2327 iuxta
811 2265 875 2329 S.
915 2267 988 2330 C.
1014 2276 1299 2331 mentem
1335 2267 1781 2333 inviolabiliter
1811 2265 2181 2332 servandae.

605 2350 944 2435 Reliquum
974 2356 1165 2419 modo
1192 2366 1313 2436 est,
1342 2367 1410 2419 ut
1449 2354 1959 2442 Amplitudinem
1992 2355 2187 2418 Tuam

607 2438 705 2502 cui
757 2441 1013 2505 easdem
1062 2443 1473 2526 exequendas
1521 2443 2005 2522 committimus,
2059 2458 2189 2504 mo-

605 2545 890 2609 neamus,
944 2540 1011 2593 ut
1057 2529 1123 2594 in
1166 2528 1396 2617 spiritu
1446 2531 1744 2611 lenitatis,
1773 2529 2187 2615 quemadmo-

605 2615 759 2678 dum
813 2616 1195 2702 Episcopum
1244 2620 1459 2699 decet‚
1488 2619 1833 2704 Dignitates
1864 2628 2053 2703 atque
2079 2619 2189 2681 Ca-

606 2702 866 2766 nonicos
922 2705 995 2770 ad
1064 2704 1464 2770 concordiam
1537 2718 1601 2771 et
1670 2725 1892 2792 pacem
1965 2724 2188 2768 vocare

604 2789 891 2873 studeas,
943 2805 1006 2857 et
1052 2793 1129 2857 ad
1191 2792 1624 2859 omnimodam
1684 2794 2185 2879 exequutionem

605 2880 1022 2943 Decrctorum
1055 2882 1117 2947 S.
1149 2886 1220 2946 C.
1260 2881 1427 2945 iuxta
1463 2882 1768 2967 praefatas
1801 2880 2188 2966 explanatio·

607 2984 721 3029 nes
766 2965 1121 3034 adhorteris
1178 2983 1368 3055 atque
1431 2970 1811 3057 compellas,
1867 2983 2056 3056 prout
2104 2971 2191 3034 Te

609 3054 670 3116 in
716 3054 980 3122 Domino
1028 3058 1342 3124 facturum
1393 3057 1793 3124 confidimus.
1868 3057 1984 3124 Diu
2034 3055 2189 3122 felix

605 3153 671 3206 et
717 3143 1051 3210 incolumis
1097 3148 1291 3211 vivas.

609 3320 874 3388 2508.
908 3326 1286 3388 ClVlTATlS
1332 3324 1919 3390 CASTELLANAE.
1962 3322 2187 3410 (4386)

986 3430 1806 3495 PRAEEMINENTIARUM.

738 3588 951 3654 Relata
1003 3590 1065 3654 in
1112 3593 1175 3654 S.
1214 3593 1287 3654 R.
1323 3593 1397 3655 C.
1437 3610 1552 3676 per
1601 3593 1824 3654 Emum
1859 3600 1926 3653 et
1957 3593 2189 3656 Rfiium

609 3680 786 3741 [lom.
824 3675 1013 3741 Can-d.
1052 3676 1291 3742 Corsini
1341 3678 1728 3763 Episcopum
1776 3676 2191 3743 sabinensem

606 3768 954 3828 Ponentem
1005 3784 1182 3829 causa
1230 3764 1510 3831 Civitatis
1543 3765 1927 3831 castellanae
1970 3768 2189 3830 Praee-

609 3851 1050 3917 minentiarum
1102 3855 1268 3917 inter
1313 3858 1601 3918 loannem
1654 3851 1996 3918 Antonium
2044 3856 2191 3919 Ros·

606 3938 751 4003 setti
781 3939 1422 4026 Archipresbyterum
1457 3942 1776 4007 Ecclesiae
1802 3943 1868 4006 S.
1899 3943 2189 4007 Andreae

607 4029 835 4092 Terrae
885 4028 1198 4094 Vallerani
1248 4049 1325 4095 ex
1377 4050 1521 4111 una,
1568 4040 1629 4093 et
1679 4029 1996 4094 Victorem
2052 4032 2191 4093 Par·

609 4113 884 4180 cliiaroni
937 4119 1282 4183 Parochum
1334 4115 1650 4183 Ecclesiae
1699 4119 1762 4183 S.
1803 4115 2073 4182 Victoris
2120 4138 2187 4180 ac

607 4202 1063 4289 Hieronymum
1109 4206 1278 4271 launi
1327 4207 1655 4271 Sacristam
1691 4204 2007 4269 Ecclesiae
2040 4210 2189 4269 Bea-

610 4302 706 4353 tae
772 4294 998 4357 Mariae
1051 4294 1322 4380 Virginis
1387 4295 1483 4358 del
1547 4291 1838 4358 Ruscello
1901 4292 2190 4358 eiusdem

607 4380 836 4444 Terrae
887 4400 965 4445 ex
1000 4383 1193 4447 altera
1230 4381 1538 4468 partibuS,
1576 4379 1934 4464 infrascipta
1968 4380 2187 4463 dubia,

610 4467 776 4530 inter
807 4470 1064 4534 easdem
1095 4482 1305 4556 partes
1339 4471 1742 4550 concordata,
1796 4469 1967 4533 idem
2018 4468 2188 4532 Emi-

609 4554 1014 4621 nentissimus
1063 4561 1360 4625 Dominus
1408 4555 1755 4625 Cardinalis
1801 4560 2046 4622 Ponens
2079 4556 2191 4621 de·

608 4641 877 4709 cidenda
927 4648 1281 4733 proposuit,
1331 4664 1614 4731 nempe:

745 4736 801 4797 1.
855 4736 988 4816 An,
1043 4748 1105 4799 et
1159 4735 1240 4801 de
1308 4755 1427 4820 qua
1500 4731 1871 4798 matricitate
1942 4742 2189 4798 constet

609 4822 765 4883 Ven.
809 4821 1123 4886 Ecclesiae
1169 4825 1286 4887 sub
1336 4824 1521 4889 titulo
1586 4825 1648 4887 S.
1703 4822 1994 4887 Andreae
2050 4821 2188 4886 Val-

610 4906 856 4972 lerani?

741 5000 804 5058 2.
859 5000 951 5061 An
1027 4999 1192 5062 illius
1240 5000 1518 5064 Parocho
1565 5019 1678 5065 seu
1736 4998 2195 5084 Archipresby-

612 5096 749 5146 tero
779 5083 878 5147 ius
912 5096 1230 5168 competat
1263 5086 1533 5152 faciendi
1570 5087 2034 5166 processiones,
2067 5096 2190 5150 tam

609 5171 692 5236 de
726 5184 1067 5256 praecepto
1092 5192 1279 5256 quam
1317 5174 1578 5256 votivas,
1613 5174 1672 5238 in
1704 5173 2011 5238 honorem
2039 5177 2191 5239 San-

610 5270 882 5341 ctorum,
923 5278 1197 5342 quorum
1239 5261 1602 5341 celebratur
1650 5266 1906 5326 Festum
1931 5259 1992 5325 in
2030 5261 2195 5325 dicta

611 5351 797 5415 Terra
846 5347 1208 5414 vaitei-ani?

2430 421 2496 483 3.
2546 420 2642 483 An
2674 415 3092 483 consimiliter
3116 416 3328 483 eidem
3352 417 3631 483 Parocho
3657 420 3734 484 S.
3764 421 3887 483 An·

2298 507 2490 572 dreae
2551 516 2871 591 competat
2943 505 3039 569 ius
3112 506 3762 592 praeeminentiarum
3827 507 3885 570 in

2298 593 2590 659 omnibus
2650 592 3121 675 functionibus,
3176 604 3299 657 tam
3364 591 3632 678 publicis
3695 614 3885 678 quam

2300 680 2581 834 privatis-i,
2610 699 2806 765 super
2853 681 3111 746 Clerum
3162 690 3225 746 et
3274 683 3650 748 Sacerdotes
3676 683 3889 748 dictae

2299 773 2528 835 Terrae

2430 860 2490 921 4.
2548 860 2641 922 Au
2691 856 2874 922 liceat
2921 857 3136 922 eidem
3187 856 3434 943 ingredi
3469 857 3737 925 alteram
3776 862 3888 923 Ec-

2298 943 2552 1010 clesiam
2600 945 3024 1030 parochialem
3053 947 3118 1011 S.
3149 945 3417 1012 Victoris
3444 957 3508 1010 et
3531 945 3683 1011 alias
3706 966 3889 1031 quas-

2296 1051 2598 1118 cumque,
2633 1032 2777 1096 sitas
2827 1043 3003 1097 extra
3050 1032 3408 1098 districtum
3456 1053 3602 1098 suae
3662 1039 3888 1101 l’aroe-

2298 1121 2456 1201 ciae,
2507 1139 2653 1185 cum
2701 1121 2868 1185 Stola
2916 1131 2980 1184 et
3026 1123 3228 1187 Cruce
3277 1119 3564 1186 elevata?

2428 1214 2492 1274 5.
2545 1212 2639 1273 An
2688 1208 2921 1293 pariter
2951 1208 3167 1274 eidem
3199 1209 3472 1274 Parocho
3507 1210 3724 1293 liceat,
3764 1221 3888 1274 tam

2299 1299 2359 1361 in
2406 1296 2811 1361 associatione
2875 1295 3252 1361 cadaverum
3324 1315 3512 1381 quam
3582 1299 3776 1362 etiam
3830 1297 3888 1362 in

2297 1385 2433 1450 aliis
2457 1382 2913 1464 functionibus,
2944 1383 3196 1467 ingredi
3222 1403 3369 1449 cum
3395 1385 3563 1450 Stola
3592 1397 3656 1450 et
3682 1389 3889 1451 Cruce

2298 1474 2543 1538 elevata
2580 1474 2737 1538 Ven.
2768 1470 3111 1537 Ecclesiam
3139 1475 3209 1537 B.
3242 1475 3324 1537 M.
3356 1476 3431 1538 V.
3462 1473 3559 1539 dcl
3594 1473 3891 1538 Rusoeuo

2297 1561 2589 1626 eiusdem
2637 1557 2912 1625 Terrae?

2428 1652 2493 1713 6.
2531 1649 2624 1713 An
2652 1647 2821 1713 dicto
2869 1647 3144 1712 Parocho
3179 1651 3246 1713 S.
3276 1650 3564 1716 Andreae
3598 1660 3664 1714 et
3697 1652 3888 1715 Clero

2294 1737 2418 1802 sint
2464 1735 2834 1822 assignanda
2881 1735 2995 1808 alia
3042 1735 3221 1821 signa
3268 1736 3888 1821 praeeminentialia,

2296 1835 2361 1888 et
2405 1826 2733 1907 signanter
2779 1823 3068 1910 receptio
3116 1843 3263 1890 cum
3313 1825 3553 1890 bonore
3600 1825 3889 1891 facienda

2295 1935 2326 1976 a
2373 1911 2765 1997 Presbyteris
2826 1912 3039 1978 eidem
3104 1912 3424 1978 Ecclesiae
3484 1917 3553 1978 B.
3610 1911 3895 1997 Virginis

2295 2000 2390 2065 del
2433 2000 2727 2065 Ruscello
2776 1999 3290 2082 inservientibus,
3326 1999 3511 2086 primi
3559 2000 3893 2066 accubitus

2299 2091 2362 2153 iu
2406 2090 2643 2169 Chore,
2701 2087 3044 2153 celebratio
3100 2087 3466 2154 divinorum
3517 2088 3890 2154 officiorum

2293 2198 2361 2241 ac
2410 2176 2600 2241 etiam
2635 2176 2853 2241 Missae
2894 2176 3214 2242 canendae
3249 2196 3366 2262 pro
3396 2174 3748 2259 defunctis,
3788 2197 3889 2239 oc-

2297 2265 2547 2330 casione
2592 2261 3032 2349 asportationis
3077 2263 3506 2329 cadaverum?

2431 2355 2490 2417 7.
2542 2355 2637 2418 An
2687 2361 2935 2416 constet
2966 2353 3049 2417 de
3080 2353 3430 2436 attentatis,
3466 2364 3531 2418 et
3562 2355 3891 2438 quomodo

2296 2441 2421 2506 sint
2468 2436 2840 2528 purganda?

2430 2534 2504 2593 Et
2551 2531 2618 2596 S.
2675 2532 2750 2594 R.
2808 2532 2925 2608 C.,
2974 2539 3245 2612 utraque
3294 2537 3473 2613 parte
3518 2526 3763 2615 scripto
3826 2540 3891 2593 et

2296 2637 2450 2682 voce
2487 2616 2866 2682 informante
2890 2615 3127 2697 audita,
3153 2615 3434 2701 visisque
3467 2613 3716 2682 iuribus
3742 2615 3889 2682 binc

2297 2704 2446 2769 inde
2496 2704 2814 2785 deductis,
2856 2705 2934 2770 ad
2983 2703 3361 2770 relationem
3386 2704 3525 2769 Emi
3557 2705 3890 2786 Ponentis,

2299 2792 2780 2858 rescribendum
2828 2791 3102 2858 censuit:

2425 2882 2525 2946 Ad
2574 2884 2638 2946 l.
2688 2902 2725 2943 ‹
2756 2882 3058 2946 Constare
3089 2881 3172 2946 de
3222 2880 3601 2946 matricitate
3649 2883 3893 2968 impro-

2299 2969 2431 3055 pria
2482 2980 2763 3045 tantum;
2817 2979 2881 3035 et
2929 2967 3200 3054 amplius
3229 2991 3290 3034 ι.

2424 3059 2518 3123 Ad
2567 3063 2630 3123 2.
2685 3079 2722 3120 ‹
2756 3057 2971 3132 Quoad
3042 3056 3481 3124 Processiones
3548 3058 3891 3144 generales

2299 3156 2364 3209 et
2410 3147 2594 3229 alias,
2645 3145 2709 3210 in
2755 3143 2985 3230 quibus
3032 3143 3331 3219 convenit
3381 3156 3551 3211 totus
3610 3148 3844 3215 Clerus
3872 3193 3889 3228 ,

2298 3234 2721 3309 Affirmative;
2775 3235 2947 3299 iuxta
2978 3233 3274 3297 solitum:
3309 3236 3515 3317 quoad
3552 3254 3705 3300 vero
3743 3239 3890 3299 Pro-

2296 3323 2653 3387 cessionem
2700 3320 2998 3406 Corporis
3044 3320 3304 3402 Christi,
3341 3334 3640 3387 servetur
3690 3334 3889 3386 trans-

2295 3412 2480 3475 actio.
2532 3414 2597 3474 lu
2645 3407 2911 3494 reliquis
2945 3408 3460 3476 Processionibus
3495 3409 3889 3496 particulari·

2299 3498 2411 3562 bus
2463 3496 2782 3562 Ecclesiae
2829 3499 2892 3563 S.
2934 3496 3229 3580 Victoris,
3265 3498 3610 3584 Negative;
3662 3508 3729 3561 et
3764 3515 3889 3561 am-

2300 3588 2466 3671 plius
2500 3607 2561 3648 ι.

2432 3674 2525 3739 Ad
2578 3679 2644 3740 3.
2678 3695 2717 3736 ι
2746 3672 3161 3756 affirmative,
3200 3672 3422 3739 in-illis
3454 3672 3891 3739 functionibus

2295 3762 2527 3848 quibus
2556 3762 2906 3828 intervenit
2940 3772 3108 3827 totus
3134 3762 3393 3838 Clerus3
3432 3772 3495 3826 et
3525 3762 3883 3847 amplius».

2425 3851 2517 3916 Ad
2571 3854 2635 3916 4.
2691 3872 2727 3913 ι
2760 3849 3199 3930 Affirmative,
3252 3850 3312 3914 in
3380 3848 3891 3916 Processionibus

2292 3953 2481 4024 atque
2517 3939 2944 4005 [unctionibus
2971 3937 3267 4024 publicis,
3297 3936 3444 4004 duci
3479 3949 3542 4003 et
3575 3936 3887 4002 celebrari

2294 4027 2496 4094 solitis
2542 4045 2688 4091 cum
2737 4026 3107 4092 interventu
3158 4027 3351 4095 totius
3397 4024 3602 4110 Cleri;
3650 4025 3711 4090 in
3741 4025 3887 4090 reli·

2296 4116 2460 4201 quis,
2512 4114 2856 4199 Negative;
2908 4127 2970 4178 et
3017 4114 3288 4198 amplius
3324 4135 3383 4179 ι.

2430 4204 2523 4269 Ad
2574 4208 2636 4267 5.
2690 4225 2727 4266 ι
2760 4201 3083 4268 Provisum
3113 4203 3175 4267 in
3201 4203 3636 4278 antecedenti;
3664 4213 3729 4268 et
3758 4222 3885 4267 am—

2346 4293 2465 4357 lius
2501 4315 2566 4356 ».
2911 4346 2917 4351 .

2300 4313 2340 4378 p
2430 4381 2524 4448 Ad
2575 4385 2637 4444 6.
2688 4380 2960 4455 «Quoad
3016 4380 3459 4465 receptionem
3508 4378 3570 4443 in
3634 4381 3888 4443 Proces-

2295 4467 2575 4533 sionibus
2626 4467 2929 4551 puhlicis,
2979 4468 3062 4533 de
3111 4467 3342 4551 quibus
3403 4485 3619 4551 supra,
3669 4485 3888 4530 serve-

2297 4567 2398 4621 tur
2446 4555 2963 4631 Caeremoniale;
3015 4556 3074 4620 in
3129 4554 3427 4642 reliquis,
3480 4555 3787 4639 Negative
3822 4578 3883 4616 ».

2426 4644 2521 4709 Ad
2571 4647 2633 4707 7.
2685 4665 2722 4706 ‹
2758 4642 3186 4730 Affirmative,
3236 4663 3356 4729 per
3418 4641 3581 4707 viam
3631 4642 3886 4708 nullita-

2299 4731 2375 4796 tis
2410 4753 2470 4796 ι.

2432 4823 2506 4886 Et
2555 4821 2636 4885 ita
2702 4819 3049 4884 declaravit
3109 4841 3181 4886 ac
3236 4820 3472 4886 servari
3543 4820 3883 4886 mandavit.

2298 4910 2408 4973 Die
2459 4910 2539 4972 27
2593 4908 2854 4973 ianuarii
2910 4910 3097 4973 1778.

2299 5048 2564 5117 2509.
2774 5051 3453 5115 coMposTaLLANA.
3660 5050 3884 5134 (4387)

2432 5177 2591 5239 Cum
2663 5170 3107 5236 Sacerdotibus
3171 5171 3572 5238 secularibus
3647 5172 3883 5236 Portio-

2306 5260 2492 5327 nariis
2538 5258 2914 5345 nuncupatis
2962 5258 3232 5345 Collegii
3288 5262 3355 5325 S.
3390 5257 3662 5346 Spiritus
3722 5257 3885 5325 Civi-

2308 5348 2446 5413 tatis
2494 5346 2964 5431 compostellae
3014 5347 3317 5413 nonnulla
3349 5348 3746 5414 occurrerint
3771 5347 3882 5413 du-
