4042 5950
1573 266 2043 345 ...393-

166 423 708 515 praecedentibus
764 420 1249 513 allegationibus
1307 433 1373 490 et
1427 433 1577 490 voto
1636 426 1758 493 lla-

165 514 346 603 gistri
394 510 979 597 caeremoniarum,
1031 511 1265 579 iudicio
1312 515 1534 580 Sacrae
1593 514 1753 580 Con-

165 600 555 691 gressationis
599 599 936 676 subiectis;

292 694 494 756 Emus
540 700 605 755 et
650 692 846 755 Rmus
889 688 1192 755 Dominus
1236 688 1577 757 cardinalis
1631 692 1754 757 Lu·

164 779 438 845 dovicus
483 777 705 843 Altieri
753 775 1010 845 Relator
1055 777 1383 862 sequentia
1422 776 1611 843 dubia
1658 777 1757 843 di·

164 865 496 933 scutienda
543 863 878 953 proposuit
926 864 987 930 in
1034 863 1374 932 ordinariis
1420 867 1752 933 Sacrorum

163 955 427 1021 Ritunm
490 951 772 1019 Comitiis
830 952 907 1020 ad
969 952 1337 1020 Vaticanum
1401 952 1752 1043 subscripta

163 1042 268 1108 die
316 1039 725 1121 coadunatim
772 1040 1115 1108 nimirumt

290 1134 342 1196 l.
394 1130 494 1194 An
541 1127 606 1196 in
652 1127 1195 1213 Processionibus,
1244 1138 1373 1196 tam
1421 1130 1751 1198 ordinariis

163 1236 351 1305 quam
414 1216 971 1300 extraordinariis,
1022 1217 1414 1303 praecedere
1475 1219 1754 1288 debeant

162 1311 410 1373 Fratres
481 1303 755 1371 Minores
823 1303 1242 1372 observantes
1274 1328 1290 1345 ·
1363 1307 1467 1373 vel
1538 1307 1750 1393 potius

164 1397 416 1462 Fratres
465 1393 737 1460 Minores
782 1354 1302 1460 conventuales}

291 1486 367 1549 11.
421 1487 519 1550 An
568 1479 631 1547 in
692 1480 1207 1569 processionibus
1265 1482 1529 1569 aliisque
1590 1488 1753 1551 Fun·

162 1570 519 1654 ctionibus,
568 1568 821 1655 quoties
882 1573 1131 1637 Fratres
1175 1569 1444 1638 Minores
1488 1571 1571 1639 de
1628 1572 1749 1640 Ob-

161 1658 476 1726 servantia
506 1674 636 1725 non
665 1657 1005 1741 accedunt,
1040 1658 1430 1746 praecedere
1475 1660 1753 1728 debeant

164 1748 439 1814 Minores
464 1745 843 1831 Reformati3
877 1746 983 1812 vel
1004 1745 1217 1831 potius
1237 1748 1747 1817 conventuales?

290 1838 393 1902 ΙΙΙ.
448 1837 543 1901 An
614 1833 679 1901 in
739 1833 1250 1901 processionibus
1326 1835 1576 1923 quoties
1634 1840 1744 1904 Ga·

165 1922 415 2010 puccini
486 1922 604 1989 soli
671 1920 793 1987 sub
854 1920 1113 2010 propria
1169 1925 1375 1990 cruce
1432 1926 1744 1994 accedunt

165 2012 397 2097 absque
445 2010 815 2077 interventu
877 2014 1128 2078 Patrum
1183 2012 1743 2097 conventualium,

163 2099 556 2186 praecedere
618 2097 896 2165 debeant
955 2099 1149 2167 iidem
1205 2099 1593 2188 capuccini;
1641 2101 1743 2168 vel

164 2184 370 2341 ρρῑίμῗε
432 2191 682 2254 Fratres
741 2186 935 2264 Tertii
991 2188 1240 2257 Ordinis
1303 2186 1512 2256 Sancti
1559 2193 1673 2257 Fra

163 2294 302 2342 cisci
1664 2311 1674 2320 ·

288 2368 393 2432 tv.
450 2367 546 2432 An
578 2363 927 2451 Regulares
959 2363 1277 2433 dictorum
1307 2363 1619 2434 ordinum
1653 2377 1745 2432 te-

163 2463 435 2519 neantur
499 2451 893 2520 intervenire
962 2452 1510 2538 Processionibus,
1581 2472 1744 2541 quae

159 2538 454 2696 publica?
500 2538 791 2607 utilitatis
836 2560 1015 2609 causa
1070 2540 1148 2608 ab
1206 2543 1524 2631 Episcopo
1582 2541 1744 2614 indi·

163 2639 390 2695 cuntur
1612 2672 1616 2679 .

285 2720 364 2783 V.
414 2719 515 2785 An
564 2720 812 2783 Fratres
870 2719 1340 2785 conventuales
1404 2728 1745 2788 teneantur

163 2801 437 2891 implere
483 2803 776 2892 Episcopi
825 2806 1216 2893 mandatum,
1266 2826 1465 2894 quum
1497 2809 1574 2875 ab
1604 2808 1741 2896 ipso

162 2911 273 2980 pro
316 2891 577 3049 puplica
624 2912 807 2959 cansa
852 2893 954 2960 vel
1005 2894 1280 2962 utilitate
1312 2899 1537 2963 Preces
1581 2896 1741 2964 indi·

164 2993 391 3048 cuntur

283 3073 362 3136 Et
433 3067 574 3139 Emi
629 3091 701 3138 ac
759 3071 899 3139 limi
965 3077 1178 3140 Patres
1231 3072 1421 3139 sacris
1485 3073 1742 3142 tuendis

162 3155 399 3225 Ritibus
447 3160 819 3247 praepositi,
869 3160 1163 3229 omnibus
1208 3174 1273 3228 et
1319 3161 1589 3250 singulis
1619 3181 1746 3229 ma-

166 3255 300 3312 ture
330 3248 770 3333 consideratiS,
801 3248 1284 3316 rescribendum
1314 3258 1740 3317 censuerunt:

288 3335 383 3403 Ad
440 3340 498 3404 1.
554 3357 590 3399 «
625 3335 1039 3423 Affirmative,
1065 3339 1143 3406 ad
1168 3338 1438 3426 primam
1463 3349 1739 3426 partem3

165 3422 489 3509 Negative,
537 3423 614 3491 ad
664 3426 1011 3493 secundam
1046 3448 1107 3491 ι.

284 3513 379 3580 Ad
428 3516 498 3579 2.
546 3533 584 3577 ι
618 3512 850 3598 Dilata,
904 3523 969 3580 et
998 3513 1231 3582 scribat
1258 3514 1420 3582 alter
1451 3515 1741 3603 Magister

165 3597 712 3668 caeremoniarum
747 3624 808 3667 ι.
1032 3639 1037 3647 ·

283 3687 376 3755 Ad
427 3691 495 3757 3.
543 3709 583 3754 s
616 3688 954 3775 negative,
1004 3692 1082 3758 ad
1131 3689 1396 3780 primam
1448 3704 1736 3780 partem;

168 3770 571 3861 Affirmative,
621 3777 699 3843 ad
745 3779 1088 3846 secundam
1123 3802 1187 3845 ν.

286 3864 379 3931 Ad
425 3869 487 3933 4.
538 3886 578 3931 ι
610 3864 1004 3934 Affirmative
1036 3889 1098 3932 ν.

286 3953 381 4020 Ad
431 3958 500 4021 b.
551 3974 589 4018 ι
623 3953 1016 4023 Affirmative
1050 3979 1116 4023 ι.

287 4040 529 4109 Distu
574 4041 896 4109 Februarii
951 4042 1142 4111 1856.

286 4127 522 4205 Quibus
568 4130 863 4199 omnibus
890 4151 1012 4219 per
1041 4131 1466 4220 subscriptum
1517 4137 1741 4203 Secre-

169 4215 384 4284 tarium
448 4219 666 4285 relatis
726 4220 920 4286 SSmo
965 4224 1043 4287 D.
1091 4223 1167 4288 N.
1216 4219 1323 4286 Pio
1383 4225 1580 4308 Papae
1630 4226 1736 4303 lX,

169 4299 460 4398 Sanctitas
508 4310 628 4374 Sua
678 4308 1080 4395 Rescriptum
1126 4310 1348 4375 Sacr'ae
1380 4312 1742 4397 congrega-

171 4390 342 4459 tionis
389 4391 862 4462 ratum‘babuit
908 4414 978 4462 ac
1024 4396 1263 4462 servari
1308 4396 1649 4464 mandavit.

288 4482 396 4550 Die
444 4487 525 4550 21
580 4482 868 4551 eiusdem
914 4485 1152 4551 mensis
1199 4494 1265 4550 et
1309 4485 1483 4553 anni.

167 4618 413 4693 3037.
760 4626 1125 4693 nouum.
1507 4626 1736 4713 (uass)

288 4749 642 4816 Hodiernus
703 4747 1233 4837 Archipresbyter
1301 4749 1350 4815 Ο
1396 4747 1570 4836 pidi,
1635 4748 1737 4816 cui

168 4848 387 4904 nomen
433 4837 629 4924 vulgo
677 4839 1111 4921 Montaqnano
1158 4835 1317 4902 intra
1352 4768 1520 4902 {nes
1553 4835 1737 4904 Dioe·

169 4922 317 4988 cesis
338 4925 667 5008 Boianen.,
695 4923 840 4992 buic
873 4928 1133 4992 Sanctae
1167 4923 1313 4991 Sedi
1339 4925 1736 5013 Apostolicae

171 5012 493 5096 exposuit,
554 5011 781 5081 fideles
840 5013 1068 5099 Oppidi
1134 5012 1331 5098 ipsius
1376 5031 1409 5078 a
1469 5012 1736 5079 vetustis

175 5100 550 5185 temporibus
598 5119 716 5168 ceu
777 5100 1194 5188 praecipuum
1230 5098 1317 5182 ,ad
1367 5104 1566 5167 Deum
1626 5102 1735 5164 Pa·

175 5189 412 5255 tronum
457 5187 751 5255 venerari
796 5188 1202 5257 consuevisse
1250 5190 1548 5256 Sanctum
1595 5186 1738 5254 Ale-

172 5276 463 5343 xandrum
497 5279 860 5376 Martyrem,
893 5293 1093 5343 unum
1141 5294 1177 5341 e
1223 5284 1474 5362 septem
1507 5273 1733 5343 Fratri·

1857 423 2003 491 Idus
2050 422 2224 503 lulii3
2275 441 2543 512 eamque
2576 425 2657 492 ob
2685 443 2933 492 causam
2979 429 3234 492 Festum
3265 422 3429 491 eius-

1856 511 2007 579 dem
2055 512 2297 595 Sancti,
2347 514 2525 582 cuius
2583 516 2828 600 Corpus
2887 513 3126 581 ibidem
3172 511 3429 600 religio·

1855 599 2097 667 sissime
2142 613 2520 686 asservatur,
2559 621 2591 665 a
2631 602 2819 670 Glero
2868 601 2986 667 loci
3035 598 3428 668 celebratum

1856 688 2188 775 bucusque
2247 688 2440 756 fuisse
2504 708 2653 756 cum
2710 688 2926 757 Officio
2992 702 3057 756 et
3113 687 3286 754 Missa
3347 688 3429 756 de

1858 776 2191 843 Communi
2253 776 2437 844 unius
2495 776 2780 866 Martyris
2835 777 2956 844 sub
3009 776 3138 843 ritu
3184 775 3429 863 duplici

1857 863 2098 950 primae
2134 864 2344 931 classis
2375 883 2520 933 cum
2553 876 2790 933 octava.
2829 864 3139 954 Exposuit
3169 864 3430 951 insuper
3509 939 3520 953 ⁸

1853 952 1965 1018 bac
1998 970 2125 1018 non
2155 950 2441 1019 obstante
2473 953 2680 1020 veteri
2727 952 3192 1025 consuetudine
3224 970 3430 1037 nuper

1855 1038 2192 1127 contigisse
2221 1050 2293 1108 ut
2323 1041 2656 1108 ordinator
2685 1040 3034 1109 Calendarii
3067 1037 3429 1107 Dioecesani

1855 1146 1972 1216 pro
2020 1129 2250 1196 eodem
2313 1132 2494 1195 Festo
2540 1128 2856 1216 assignare
2923 1128 3242 1198 censuerit
3285 1124 3428 1194 offi-

1855 1214 2021 1283 cium
2072 1233 2220 1281 cum
2265 1215 2442 1283 mssa
2489 1217 2573 1284 de
2618 1217 2954 1286 Communi
3005 1216 3430 1306 plurimorum

1855 1309 2220 1391 Martyrum,
2270 1322 2555 1372 asserens
2602 1306 2772 1372 iuxta
2821 1310 3080 1373 Decreta
3112 1304 3301 1372 buius
3331 1306 3431 1372 Sa·

1853 1411 1999 1459 crao
2029 1392 2549 1479 congregationis
2579 1411 2706 1462 non
2736 1412 2926 1481 posse
2956 1399 3210 1462 Festum
3244 1392 3432 1461 unius

1852 1500 1932 1547 ex
1990 1492 2239 1567 septem
2307 1480 2630 1549 Fratribus
2683 1481 3053 1570 Martyribus
3107 1501 3140 1547 a
3198 1479 3432 1546 ceteris

1851 1568 2129 1655 seiungi.
2191 1571 2360 1636 Hanc
2420 1569 2631 1656 itaque
2687 1569 3188 1638 immutationem
3237 1586 3430 1656 aegro

1851 1658 2059 1723 animo
2092 1656 2372 1724 ferentes
2404 1657 2938 1747 Archipresbyter
2969 1670 3033 1726 et
3053 1657 3276 1725 Clerus
3306 1659 3430 1743 Op·

1898 1744 1982 1813 idi
2040 1747 2506 1830 Montaynano,
2566 1765 2683 1835 pro
2744 1758 3030 1814 vetustae
3091 1753 3434 1813 consuetu·
3533 1828 3540 1835 ἱ

1896 1833 2016 1901 inis
2048 1832 2528 1901 confirmatione
2558 1835 2708 1904 huic
2740 1838 2963 1903 Sacrae
2987 1835 3247 1903 Rituum
3278 1836 3434 1900 Gon·

1849 1920 2203 2010 gregationi
2249 1920 2557 2012 supplicia
2604 1935 2748 1990 vota
2791 1924 3063 1992 dedere.

1977 2012 2257 2091 Quorum
2304 2028 2556 2101 preces,
2588 2029 2790 2099 quum
2837 2012 2972 2099 ipse
3003 2009 3427 2080 Reverendis-

1847 2102 2042 2169 simus
2087 2098 2439 2200 Episcopus
2484 2100 2781 2167 Boianen.
2817 2118 2937 2187 pro
2986 2098 3429 2167 informatione

1848 2204 1914 2260 et
1957 2195 2109 2253 voto
2154 2186 2518 2288 requisitus,
2567 2207 2696 2255 non
2741 2188 2934 2255 modo
2979 2185 3231 2253 veritati
3279 2202 3427 2252 con·

1846 2296 2029 2348 sonas
2059 2284 2324 2347 testatus
2352 2275 2570 2357 fuerit,
2605 2276 2718 2343 sed
2751 2276 2940 2345 etiam
2973 2271 3429 2362 supplicaverit

1848 2378 1920 2435 ut
1947 2371 2277 2436 oratorum
2309 2361 2474 2429 votis
2519 2367 2702 2433 Sacra
2741 2365 2964 2433 eadem
3004 2360 3427 2451 congregatio

1849 2456 2125 2542 benigne
2169 2453 2586 2533 adhaereret;

1974 2539 2475 2612 Eminentissimi
2523 2551 2589 2608 et
2633 2538 3171 2608 Reverendissimi
3216 2541 3428 2606 Patres

1845 2632 2035 2700 sacris
2081 2631 2339 2701 tuendis
2380 2628 2627 2697 Ritibus
2672 2628 3038 2718 praepositi,
3071 2628 3148 2696 ad
3183 2626 3428 2697 Vatica-

1844 2739 2002 2788 num
2061 2719 2369 2789 bodierna
2424 2716 2530 2785 die
2590 2717 2921 2785 coadunati
2983 2716 3046 2783 in
3096 2712 3429 2785 ordinario

1846 2813 2076 2892 coetu,
2126 2809 2317 2876 rebus
2370 2803 2663 2873 omnibus
2716 2816 2966 2873 mature
3020 2804 3315 2892 expensis
3360 2820 3430 2868 ac

1847 2898 2173 2964 referente
2216 2894 2573 2981 subscripto
2620 2893 3002 2979 Secretario,
3038 2892 3430 2981 responden·

1845 2988 1998 3054 dum
2042 2992 2461 3053 censuerunt:
2497 3003 2534 3046 s
2563 2986 2862 3051 Veterem
2895 2980 3428 3050 consuetudinem

1848 3075 1912 3141 in
1958 3093 2105 3141 casu
2150 3091 2289 3140 esse
2352 3070 2802 3149 retinendam;
2861 3070 3035 3137 iuxta
3073 3071 3426 3136 ‘Decretum

1847 3164 1911 3229 in
1941 3160 2413 3248 Carthaginien.
2450 3179 2562 3226 seu
2587 3157 2839 3227 Ordinis
2862 3156 3173 3224 uiuorum
3205 3156 3289 3221 de
3312 3156 3430 3225 Ob·

1844 3250 2159 3317 servantia
2205 3247 2334 3315 diei
2365 3252 2406 3316 2
2439 3247 2576 3315 nait
2615 3250 2779 3315 1801
2823 3245 2900 3313 ad
2942 3242 3215 3313 Dubium
3246 3246 3327 3311 IX
3362 3266 3426 3310 ι.

1975 3337 2088 3404 Die
2134 3341 2219 3406 29
2264 3334 2643 3404 Novembris
2694 3338 2884 3403 ¹856.

1976 3425 2299 3508 Dubium,
2378 3425 2452 3491 ds
2525 3439 2650 3508 quo
2715 3441 2952 3509 supra,
3024 3422 3140 3489 sub
3213 3421 3316 3487 dis
3379 3416 3430 3487 2

1846 3517 2013 3583 Maii
2063 3510 2273 3593 1801,
2325 3532 2588 3598 sequens
2631 3523 2747 3577 sat.

1976 3603 2522 3669 CARTAGINIEN.
2574 3618 2690 3666 sen
2725 3600 3029 3668 onnmts
3073 3600 3427 3668 MINORUM

1845 3696 1946 3759 DE
1975 3691 2541 3758 OBSERVANTIA.
2576 3725 2668 3740 —-
2697 3687 2971 3755 Dubium
3002 3689 3106 3755 IX.
3159 3689 3264 3755 An
3304 3691 3428 3753 Ho-

1846 3777 2015 3846 milia
2063 3796 2227 3863 quae
2273 3777 2549 3845 babetur
2585 3777 2650 3845 in
2680 3778 2866 3843 Festo
2913 3779 3289 3844 Sanctorum
3322 3779 3432 3843 Se-

1847 3877 2025 3956 ptem
2084 3869 2372 3932 Fratrum
2429 3876 2492 3933 et
2548 3865 2876 3934 Sociorum
2935 3867 3280 3952 Martyrum
3342 3865 3431 3931 le-

1844 3955 2054 4112 genda
2099 3954 2214 4036 sit,
2277 3954 2531 4039 quando
2587 3955 2670 4023 de
2725 3970 2950 4021 eorum
3009 3971 3136 4020 uno
3187 3961 3429 4019 tantum

1895 4043 1988 4110 eri
2037 4042 2232 4109 debet
2277 4039 2620 4109 Officium?

1981 4134 2061 4197 Et
2107 4133 2175 4197 S.
2209 4134 2288 4198 R.
2321 4132 2397 4196 C.
2436 4129 2804 4219 respondit:
2854 4129 2951 4197 Ad
2983 4132 3092 4197 IX.
3140 4150 3178 4194 ι
3214 4127 3278 4196 Si
3324 4129 3429 4197 ot-

1847 4219 2063 4287 ficium
2110 4219 2569 4287 celebrandum
2629 4220 2711 4286 sit
2755 4218 2875 4285 sub
2921 4217 3050 4286 ritu
3096 4216 3338 4306 duplici
3394 4222 3424 4284 1

1842 4311 1945 4375 vel
1991 4307 2311 4374 secundae
2355 4307 2591 4392 classis,
2626 4308 2933 4375 doceatur
2978 4305 3064 4372 de
3110 4323 3256 4372 casn
3287 4325 3429 4393 par-

1849 4395 2141 4474 ticulari3
2190 4394 2239 4460 si
2287 4394 2408 4460 sub
2452 4394 2935 4478 ritn‘inferiori,
2971 4413 3099 4462 non
3146 4409 3284 4460 esse
3331 4413 3429 4461 se·

1846 4483 2193 4572 parandum
2241 4485 2498 4550 Festum
2547 4487 2921 4551 Sanctorum
2968 4483 3232 4570 Septem
3285 4485 3427 4550 Fra-

1847 4585 2041 4655 trum,
2075 4572 2188 4638 sed
2238 4570 2321 4637 de
2370 4571 2663 4638 omnibns
2707 4568 2994 4638 Officium
3041 4570 3428 4637 coniunctim

1843 4659 2283 4747 peragendum
2330 4658 2448 4725 snb
2481 4676 2557 4724 eo
2591 4659 2714 4725 ritu
2765 4656 3170 4725 convenienti
3204 4658 3312 4726 uni
3346 4678 3424 4725 ex

1845 4751 2107 4834 Septem
2169 4745 2523 4830 Fratribus,
2587 4746 2766 4813 cuius
2822 4745 3167 4832 peculiaris
3233 4747 3428 4814 Festi·

1844 4836 2002 4902 vitas
2048 4835 2421 4922 peragitur:
2494 4836 2817 4917 translato,
2867 4833 3042 4901 iuxta
3099 4833 3425 4917 Rubricas,

1842 4927 2031 4990 Festo
2075 4924 2443 4989 Sanctarum
2490 4921 2753 4990 Rufinae
2799 4932 2864 4987 et
2910 4922 3240 4990 Secundae
3274 4943 3336 4988 ι.

1842 5061 2110 5130 3038.
2315 5063 2602 5130 nonus
2645 5063 2955 5129 atnam.
3200 5064 3427 5150 (amo)

1974 5183 2256 5253 Vicarins
2302 5182 2625 5251 Generalis
2685 5184 3001 5251 Dioecesis
3059 5186 3282 5254 Montis
3326 5189 3428 5253 Al-

1842 5273 1981 5341 bani
2047 5272 2340 5361 exposuit
2402 5271 2552 5340 hnic
2605 5274 2867 5340 Sanctae
2915 5273 3065 5341 Sedi
3111 5275 3427 5363 Apostoli-

175 5354 279 5425 bus
298 5362 377 5432 de
398 5365 633 5452 quibus
661 5383 726 5430 in
757 5364 1208 5453 Martyrologio
1238 5368 1517 5432 Romano
1546 5372 1731 5430 sexto
1838 5380 1947 5428 cae
1979 5361 2044 5428 in
2084 5360 2366 5428 Ecclesia
2396 5359 2739 5447 parochiali
2772 5362 2980 5429 Sancti
3019 5362 3225 5431 lacobi
3254 5365 3426 5455 Apo·
