4042 5950
1436 267 1909 346 -197—

83 429 401 500 cerdotibus
447 427 633 515 (siqui
669 427 845 512 sunt)
880 424 990 511 qui
1022 424 1384 493 huiusmodi
1417 424 1613 512 privi-

86 520 221 606 legio
315 517 605 600 audeant,
655 514 1006 581 inchoanda
1063 513 1145 579 sit
1192 535 1224 579 a
1274 514 1466 597 Kyrie
1510 513 1614 580 vel

85 629 109 672 a
145 610 285 692 Prop
326 604 466 670 etiis
488 603 521 670 ’ὲ

185 701 242 762 3.
284 695 379 759 An
419 693 498 760 ad
547 690 966 758 eliminandos
1012 692 1270 773 abusus,
1319 689 1487 774 siqui
1532 690 1613 756 ir-

86 782 373 867 repserint,
420 780 502 846 sit
547 778 1015 847 consulendum
1053 777 1460 846 sanctissimo
1494 798 1612 864 pro

86 867 435 936 revocatione
474 866 934 951 cuiuscumque
966 866 1197 934 indulti
1246 864 1607 933 celebrandi

90 955 331 1045 privatim
376 956 667 1023 eamdem
717 953 987 1038 Missam,
1038 953 1221 1020 firmo
1272 965 1482 1020 tamen
1522 973 1618 1019 re-

88 1057 331 1111 manente
372 1043 469 1113 sin
519 1042 675 1110 ulari
737 1041 1078 1129 privilegio
1137 1040 1453 1128 aliquibus
1501 1045 1617 1108 Ec·

89 1132 272 1214 clesiis,
318 1150 480 1220 pecu
513 1130 745 1197 iaribus
805 1131 1066 1196 attentis
1131 1129 1618 1197 circumstantiis

88 1239 357 1302 concesso,
407 1239 601 1286 unam
648 1220 751 1286 vel
799 1217 1065 1284 alteram
1103 1217 1347 1284 Missam
1381 1218 1615 1285 lectam

86 1307 392 1375 celebrandi
436 1316 586 1394 post
631 1305 882 1373 unicam
927 1307 1286 1373 solemnem
1336 1307 1419 1372 de
1466 1304 1621 1372 die‘?

185 1398 239 1461 t.
284 1401 375 1461 An
420 1396 486 1462 in
532 1394 942 1463 ordinatione
976 1395 1296 1477 Generali,
1333 1413 1499 1479 quae
1542 1394 1616 1460 fit

86 1485 302 1550 Sabbato
358 1486 620 1567 Sancto,
672 1481 953 1550 facienda
1016 1481 1098 1548 sit
1158 1481 1423 1550 monitio
1470 1502 1617 1569 pro-

88 1572 365 1639 movendis
408 1572 485 1639 ad
555 1571 1090 1639 subdiaconatum
1146 1582 1290 1638 aute
1349 1571 1621 1638 Litanias

88 1661 163 1725 vel
203 1671 403 1746 postea
428 1657 462 1725 ’ὲ

184 1752 240 1814 5.
275 1747 428 1825 Quid
460 1747 528 1815 in
561 1748 972 1816 ordinatione
1016 1748 1257 1832 privata
1293 1747 1357 1816 in
1390 1747 1618 1815 eodem

86 1836 299 1904 sabbato
345 1837 598 1919 Sancto,
649 1835 1027 1924 praesertim
1072 1834 1125 1901 si
1170 1855 1334 1902 unus
1370 1848 1615 1904 tantum

84 1924 210 1990 Ordo
250 1923 743 1992 subdiaconatus
787 1922 869 1988 sit
916 1923 1398 1992 conferendus?

183 2016 239 2078 6.
266 2013 594 2090 Quomodo
626 2010 1047 2097 intelligenda
1076 2011 1202 2077 siut
1233 2012 1424 2079 verba
1459 2016 1616 2079 Pon-

86 2099 279 2166 tificalis
308 2100 580 2167 -Romani
628 2100 691 2164 iu
736 2097 1008 2165 Rubi-ica
1067 2098 1152 2165 de
1206 2101 1616 2168 ordinatione

84 2188 387 2275 Presbyteri
441 2187 653 2274 quoad
725 2205 1024 2253 manuum
1089 2187 1613 2275 impositionem:

85 2276 318 2360 Idemque
356 2278 627 2359 faciunt
664 2285 805 2358 post
852 2281 998 2339 eum
1048 2276 1310 2363 (nempe
1360 2279 1617 2364 Episco-

86 2365 224 2448 pum)
266 2383 463 2431 omnes
511 2363 882 2429 Sacerdotes
928 2367 1045 2447 qui
1091 2364 1384 2431 adsunt?

182 2454 251 2516 Et
295 2453 360 2519 S.
399 2455 473 2520 R.
527 2454 631 2536 C.,
693 2469 762 2516 re
823 2460 1073 2517 mature
1135 2451 1615 2540 diligenterque

86 2537 337 2623 discussa,
371 2551 434 2606 et
478 2537 794 2625 exquisita
836 2537 1013 2624 prius
1043 2539 1303 2606 alterius
1335 2559 1418 2606 ex
1450 2543 1616 2628 Apo-

84 2626 393 2694 stolicarum
425 2625 987 2695 caeremoniarum
1014 2627 1322 2712 Magistris
1362 2638 1617 2696 senten-

87 2713 146 2776 tia
181 2714 410 2801 scriptis
457 2714 630 2783 edita
660 2714 1015 2801 praeloque
1049 2734 1222 2799 cusa,
1255 2716 1332 2782 ad
1366 2717 1618 2783 relatio·

84 2819 199 2868 nem
236 2803 365 2869 Emi
410 2816 475 2870 et
521 2802 667 2869 luni
712 2806 785 2868 D.
837 2803 1022 2869 Card.
1073 2803 1211 2869 Iulii
1261 2804 1486 2870 Mariae
1533 2804 1615 2871 de

84 2890 303 2959 Somalia
353 2891 663 2957 Praefecti
712 2899 776 2956 et
821 2891 1159 2976 Pouentis,
1226 2893 1620 2980 responden·

84 2977 205 3049 dum
246 2981 535 3047 censuit:

179 3067 263 3134 Ad
319 3073 379 3135 1.
436 3091 474 3134 ‹
508 3066 933 3150 Affirmative‚
993 3079 1057 3133 et
1102 3068 1179 3134 ad
1231 3081 1514 3137 mentem
1549 3093 1609 3138 ι.

85 3156 216 3220 llens
270 3166 407 3223 est:
474 3178 515 3220 ι
551 3166 622 3220 ut
682 3154 973 3222 locorum
1036 3156 1348 3225 Ordiuarii
1407 3159 1615 3245 quoad

84 3244 374 3329 Paroecias,
401 3244 467 3312 in
500 3242 735 3330 quibus
758 3243 976 3309 haberi
1010 3257 1273 3329 possunt
1304 3256 1436 3313 tres
1466 3266 1621 3333 qua-

88 3340 266 3398 tuorve
302 3334 527 3399 saltem
571 3330 830 3413 Clerici,
875 3350 1077 3397 sacras
1120 3332 1477 3400 functiones
1511 3338 1622 3401 Fe·

84 3418 162 3482 riis
187 3422 233 3485 V
263 3432 325 3486 et
356 3424 432 3488 Vl
466 3440 540 3486 ac
572 3419 842 3487 Sabbato
889 3419 1138 3486 maioris
1170 3421 1616 3490 Hebdomadas

83 3507 252 3593 peragi
281 3509 605 3591 studeant,
639 3516 880 3575 servata
915 3508 1117 3575 forma
1146 3511 1322 3593 parvi
1354 3511 1619 3579 Ritualis

81 3612 118 3657 s.
147 3614 221 3659 m.
249 3596 572 3665 Benedicti
606 3598 741 3662 xm
772 3615 936 3662 anno
982 3599 1148 3663 1725
1196 3596 1367 3664 iussu
1416 3598 1610 3665 editiz

85 3690 131 3745 et
164 3683 349 3767 quoad
391 3684 546 3751 alias
578 3683 900 3749 Paroecias
932 3702 1097 3768 quae
1128 3684 1389 3752 Clericis
1421 3685 1615 3752 desti-

85 3776 325 3856 tuuntur,
358 3771 704 3859 indulgere
747 3773 1001 3838 valeant
1047 3770 1131 3837 ob
1173 3772 1399 3859 populi
1446 3793 1617 3840 com·

86 3858 436 3946 moditatem,
508 3872 584 3925 ut
650 3858 910 3926 Parochi
986 3858 1209 3946 (petita
1281 3860 1614 3945 quotannis

88 3944 249 4033 venia)
290 3950 465 4015 Feria
498 3950 556 4013 V
587 3946 651 4014 iu
698 3950 907 4015 Coena
955 3946 1203 4013 Domini
1250 3948 1495 4015 Missam
1526 3949 1614 4014 le-

89 4042 210 4099 ctam
263 4036 590 4103 celebrare
650 4035 926 4123 possint,
976 4035 1347 4121 priusquam
1396 4036 1460 4102 iu
1507 4039 1617 4103 Ga-

90 4118 307 4189 thedrali
347 4124 453 4190 vel
519 4124 771 4189 matrice
820 4124 1271 4193 conventualis
1332 4124 1654 4211 incipiat..

87 4209 145 4271 Et
180 4209 244 4277 ad
284 4215 353 4279 D.
390 4210 820 4279 secretarium
866 4231 1016 4278 cum
1061 4213 1256 4278 88ῶο
1291 4234 1352 4276 ».

184 4297 267 4364 Ad
310 4304 372 4367 2.
422 4322 463 4367 ι
495 4298 713 4378 Quoad
760 4299 1109 4386 Episcopos
1150 4300 1392 4366 ratione
1439 4300 1619 4367 Ordi-

88 4383 303 4452 nationis
355 4399 655 4456 servetur
716 4387 1182 4475 praescriptum
1240 4388 1618 4454 Pontificalis

91 4480 139 4533 et
172 4475 489 4544 Decretum
535 4479 602 4543 S.
651 4478 722 4541 C.
776 4474 911 4542 diei
959 4478 1037 4542 21
1090 4474 1289 4541 Martii
1341 4479 1507 4542 1744
1555 4476 1619 4543 in

88 4558 473 4656 Bergomensi,
524 4576 591 4630 et
636 4564 816 4630 Missa
878 4562 1217 4650 incipiatur
1261 4585 1294 4628 a
1339 4563 1623 4649 Prophe·

93 4656 186 4725 tus3
215 4661 271 4715 et
293 4653 494 4738 quoad
523 4651 703 4735 alioS,
730 4651 779 4716 si
807 4651 915 4737 qul
941 4650 1284 4739 privilegio
1309 4651 1619 4737 gaudent,

88 4748 228 4802 more
266 4738 472 4826 solito,
508 4740 623 4806 sed
671 4739 809 4806 sine
854 4740 1149 4823 introitu,
1187 4749 1330 4827 post
1361 4742 1621 4827 Campa-

90 4837 267 4890 narum
310 4829 585 4895 sonitum
621 4850 683 4894 ι.

188 4913 271 4980 Ad
316 4919 376 4983 3.
428 4938 466 4981 ‹
498 4915 923 5000 Affirmative,
975 4914 1149 4981 iuxta
1210 4925 1482 4994 votum3
1531 4914 1622 4981 vi-

92 4995 325 5091 delicet:
385 5004 865 5071 consulendum
928 5006 1123 5072 88ῶο
1183 5022 1303 5091 pro
1365 5021 1625 5069 revoca-

94 5092 226 5153 tione
267 5091 719 5179 cuiuscumque
783 5090 1014 5161 indulti
1063 5091 1431 5161 celebrandi
1495 5091 1625 5189 pri·

92 5174 243 5242 vatim
281 5180 345 5246 in
390 5181 658 5248 Sabbato
706 5183 961 5266 Sancto,
1014 5179 1196 5246 firmo
1246 5189 1465 5247 tamen
1506 5200 1627 5246 sm-

91 5260 251 5355 gulari
296 5267 626 5358 privilegio
673 5268 988 5354 aliquibus
1047 5266 1373 5352 EcclesiiS,
1425 5286 1620 5355 pecu·

91 5346 303 5421 liaribus
363 5357 620 5427 attentis
696 5354 1217 5441 circumstantiis,
1292 5374 1619 5441 concesso,

1719 445 1909 492 unam
1986 428 2094 494 vel
2170 430 2433 498 alteram
2509 428 2751 496 Missam
2828 431 3060 496 lectam
3136 431 3309 498 cele-

1718 514 2115 671 brapldibpost
2159 517 2406 583 unicam
2442 517 2802 584 solemnem
2831 516 2918 584 de
2949 517 3081 604 die,
3113 531 3309 605 prout

1724 622 1787 667 m
1880 622 1922 669 u
1970 624 2030 670 ιο
2067 625 2128 670 ι.

1850 692 1947 758 Ad
1996 695 2066 758 4.
2116 714 2154 757 ι
2187 696 2494 760 Servetur
2525 692 2905 761 Pontificalis
2937 693 3127 761 huius
3170 694 3310 764 diei

1722 777 1975 847 rubrica
2006 803 2072 847 ».

1850 868 1946 935 Ad
1995 872 2063 936 5.
2113 889 2149 932 ‹
2184 871 2263 935 Ut
2307 868 2386 936 ad
2435 869 2802 956 proximum
2836 893 2899 935 ι».

1848 956 1947 1023 Ad
1997 960 2064 1022 6.
2116 977 2153 1019 ι
2188 960 2365 1023 iuxta
2409 966 2657 1042 votum,
2699 978 2770 1024 ea
2819 959 3011 1025 verba
3055 960 3307 1027 Pontifi-

1721 1042 1870 1108 calis
1938 1046 2199 1111 Romani
2277 1045 2342 1111 in
2409 1044 2816 1112 ordinatione
2894 1045 3251 1134 Presbyteri
3285 1070 3318 1133 ι,

1719 1131 1886 1197 Idem
1930 1134 2196 1215 faciunt
2255 1144 2397 1218 post
2454 1153 2596 1200 eum
2655 1152 2864 1200 omnes
2911 1136 3301 1218 Sacerdotes,

1716 1221 1834 1302 qui
1866 1221 2146 1286 Manent.-
2198 1220 2475 1308 intelligi
2509 1240 2692 1309 posse
2726 1222 3057 1289 moraliter
3077 1238 3096 1303 ;
3131 1223 3306 1291 iuxta

1722 1318 1932 1374 tamen
1981 1307 2269 1375 locorum
2315 1310 2875 1393 consuetudinem,
2923 1322 3168 1378 servata
3200 1332 3306 1379 ru-

1721 1395 1890 1460 brica
1936 1396 2145 1481 quoad
2197 1409 2556 1484 paramenta
2606 1408 2671 1463 et
2717 1399 2920 1464 Stolas
2952 1422 3017 1464 ».

1852 1485 2061 1569 Atque
2108 1483 2196 1552 ita
2227 1485 2557 1570 respondit
2590 1497 2656 1552 et
2687 1488 2927 1553 servari
2958 1486 3304 1554 mandavit.

1721 1570 1832 1636 Die
1880 1575 1966 1638 28
2011 1571 2154 1638 Iulii
2209 1576 2403 1642 1821.
3047 1600 3060 1608 ·

1851 1661 2032 1725 Facta
2063 1671 2280 1727 autem
2305 1661 2388 1727 de
2413 1661 2772 1748 praemissis
2798 1660 3093 1730 omnibus
3115 1665 3306 1731 SSmo

1721 1746 1987 1814 Domino
2035 1750 2259 1814 Nostro
2306 1749 2414 1814 Pio
2463 1752 2568 1816 Vn
2612 1754 2793 1816 Pont.
2836 1754 2998 1817 Max.
3050 1769 3170 1836 per
3217 1752 3308 1818 in·

1721 1834 2124 1920 trascriptum
2193 1836 2620 1904 secretarium
2679 1838 3012 1922 relatione,
3071 1839 3309 1907 Sancti-

1723 1930 1813 1987 tas
1873 1924 1993 1989 Sua
2058 1926 2280 1991 Sacrae
2339 1926 2861 2012 Congregationis
2928 1944 3310 2011 responsum

1721 2009 2091 2096 approbavit
2160 2022 2223 2078 et
2286 2011 2729 2093 confirmavit3
2800 2024 3031 2099 atque,
3101 2025 3172 2081 ut
3232 2013 3310 2081 ab

1722 2095 2015 2164 omnibus
2063 2109 2382 2183 servetur,
2421 2100 2482 2165 in
2515 2110 2648 2166 acta
2688 2101 2977 2168 eiusdem
3025 2105 3306 2188 Congre-

1721 2184 1989 2273 gationis
2021 2187 2248 2252 referri
2285 2188 2581 2274 typisque
2617 2189 2902 2275 evulgari
2949 2190 3302 2278 praecepit.

1723 2273 1836 2340 Die
1883 2277 1962 2339 31
2014 2275 2156 2341 Iulii
2210 2278 2404 2342 1821.

1725 2416 1966 2484 2617.
2050 2417 2476 2483 DECRETUM
2523 2419 2965 2484 GENERALE.
3077 2417 3303 2505 (4584)

1742 2599 1745 2606 .
1851 2540 2058 2616 Quum
2108 2535 2547 2626 maximopere
2592 2538 2867 2623 intersit,
2899 2557 2983 2606 ne
3013 2538 3169 2625 quid
3199 2558 3309 2605 ve-
3345 2601 3349 2608 .

1724 2627 1894 2693 ritati
1923 2636 2031 2693 aut
2062 2625 2284 2727 pietati
2323 2626 2491 2694 haud
2525 2637 3025 2695 consentaneum
3057 2627 3121 2694 in
3153 2631 3311 2696 Goe-

1723 2714 1911 2781 litum
1959 2724 2111 2780 actis
2157 2713 2596 2782 describendis
2643 2726 3058 2803 proponatur,
3093 2715 3310 2803 provi-

1723 2802 2096 2870 dentissime
2129 2801 2374 2869 Summi
2407 2803 2727 2870 Pontificis
2758 2802 2992 2870 Urbani
3028 2807 3159 2871 Vin
3188 2808 3314 2872 De-

1722 2902 1900 2956 creto
1949 2900 2206 2955 cautum
2239 2903 2334 2955 est
2379 2911 2417 2954 ι
2450 2901 2520 2957 ut
2552 2892 2743 2977 vitae,
2779 2909 2883 2957 res
2914 2901 3164 2979 gestae,
3194 2893 3316 2958 mi-

1723 2979 1930 3046 racula
1956 2982 2118 3046 Veu.
2149 2981 2498 3045 Servorum
2523 2980 2636 3046 Dei
2660 2981 2763 3047 edi
2801 2990 2864 3066 ty
2913 2980 2965 3047 is
2987 2991 3313 3066 nequeant

1716 3068 1854 3133 sine
1923 3066 2361 3151 recognitione
2428 3076 2619 3152 atque
2681 3069 2880 3155 adpro
2961 3067 3138 3134 tione
3198 3072 3310 3137 Or-

1717 3154 1971 3238 dinarii,
2005 3156 2113 3240 qui
2160 3156 2225 3220 in
2273 3155 2914 3239 iis-recognoscendis
2946 3154 3311 3243 'theologos

1722 3242 2006 3328 aliosque
2053 3243 2193 3328 pios
2238 3262 2308 3307 ac
2354 3242 2577 3309 doctos
2622 3243 2792 3310 viros
2853 3243 2917 3310 in
2970 3242 3308 3310 consilium

1722 3329 2070 3410 adhibeat3
2119 3340 2185 3396 et
2229 3349 2312 3397 ne
2359 3330 2598 3398 deinde
2646 3330 2814 3397 fraus
2844 3330 2950 3397 vel
2989 3349 3172 3397 error
3201 3340 3310 3397 aut

1721 3417 1962 3503 aliquid
2010 3436 2249 3485 novum
2295 3429 2403 3486 aut
2448 3418 2875 3489 inordinatum
2937 3417 3003 3485 in
3058 3436 3128 3484 re
3177 3429 3304 3485 tam

1723 3506 1899 3593 gravi
1948 3506 2405 3591 committatur,
2437 3506 2771 3593 negotium
2808 3507 3196 3574 instructum
3227 3507 3305 3575 ad

1722 3595 1960 3661 Sedem
2020 3595 2446 3683 Apostolicam
2506 3595 2886 3661 remittat».
2933 3631 2979 3643 -
3025 3598 3185 3664 item
3228 3595 3306 3662 ad

1721 3681 1897 3748 diem
1936 3685 2010 3749 17
2058 3681 2435 3750 Novembris
2488 3686 2696 3749 1674:
2746 3685 3045 3751 Consuita
3092 3686 3308 3752 Sacro·

1721 3788 1867 3837 rum
1911 3772 2173 3837 Rituum
2223 3772 2734 3858 Congregatione
2777 3789 2898 3859 per
2942 3777 3023 3841 R.
3070 3775 3136 3839 P.
3187 3774 3310 3838 Ma-

1723 3860 1994 3946 gistrum
2055 3858 2223 3926 Sacri
2276 3860 2523 3944 Palatii,
2585 3878 2779 3948 super
2839 3862 3032 3928 modo
3080 3879 3309 3927 conce-

1722 3946 1922 4013 dendi
1982 3945 2305 4013 licentiam
2372 3947 2783 4035 imprimendi
2853 3948 3051 4015 libros
3109 3948 3310 4015 couti-

1723 4046 1954 4102 nentes
2017 4033 2204 4118 vitas,
2254 4046 2432 4120 gesta
2479 4046 2544 4102 et
2596 4036 2899 4103 miracula
2961 4038 3307 4104 Servorum

1722 4124 1862 4206 Dei,
1898 4142 2029 4190 non
2059 4123 2262 4192 adhuc
2309 4144 2343 4189 a
2388 4127 2454 4193 S.
2492 4126 2662 4191 Sede
2711 4126 3087 4191 Sanctorum
3135 4125 3309 4192 fastis

1723 4211 2232 4299 adscriptorum3
2295 4212 2516 4279 eadem
2575 4215 2638 4278 S.
2679 4215 2762 4289 C.
2816 4212 3107 4280 censuit:
3168 4234 3206 4277 ι
3239 4217 3310 4278 ln

1723 4312 2082 4386 posterum,
2133 4309 2471 4385 antequam
2537 4298 2703 4386 typis
2749 4299 3159 4380 mandentur,
3208 4318 3309 4367 re-

1725 4386 2037 4455 videndos
2086 4405 2221 4453 esse
2269 4405 2386 4474 per
2433 4391 2506 4453 R.
2543 4392 2611 4454 P.
2647 4391 2722 4453 D.
2757 4386 2934 4455 Fidei
2983 4390 3307 4454 Promoto-

1724 4493 1866 4541 rem
1914 4486 1978 4540 et
2025 4494 2143 4560 per
2188 4475 2497 4542 eumden
2543 4477 2608 4542 in
2654 4478 2987 4544 Sacrorum
3046 4475 3305 4542 Rituum

1726 4563 2231 4649 congregatione
2277 4564 2654 4632 referendos
2687 4584 2750 4629 ιν.
2799 4564 2869 4632 ld
2914 4565 3178 4633 demum
3225 4563 3310 4630 de

1728 4671 1801 4718 ea
1857 4671 1930 4717 re
1990 4651 2313 4718 adnotavit
2371 4672 2422 4720 s.
2490 4672 2578 4719 m.
2629 4651 3013 4720 Benedictus
3057 4653 3196 4718 XIV
3244 4651 3309 4719 iu

1724 4743 1773 4808 Ο
1861 4758 1930 4805 re
2000 4739 2085 4807 de
2151 4739 2621 4809 Beatifloatione
2691 4750 2756 4806 et
2822 4739 3309 4807 Canonizatione

1728 4829 1769 4894 li
1826 4875 1842 4891 .
1877 4831 1951 4910 11,
2003 4846 2140 4926 cap.
2187 4831 2292 4910 11,
2329 4829 2408 4912 §g
2443 4831 2483 4894 6
2517 4840 2581 4894 et
2629 4832 2693 4911 7,
2743 4827 2917 4913 quod
2958 4826 3304 4894 videlicetz

1727 4937 1765 4980 ι
1797 4917 1985 4982 Sacra
2025 4917 2286 4982 Rituum
2331 4914 2755 5002 congregatio
2815 4914 3150 5001 aliquando
3198 4932 3309 4981 eo·

1726 5003 2020 5071 rumdam
2069 5002 2448 5070 revisiouem
2497 5003 2709 5072 defert
2745 5003 2822 5071 ad
2855 5000 3308 5089 congregatio-

1727 5110 1877 5161 nem
1925 5093 2156 5157 SSfliae
2201 5090 2656 5177 InquisitioniS,
2690 5111 2881 5178 quae,
2928 5101 3186 5178 accepta
3215 5110 3312 5157 re—

1730 5179 1965 5263 latione
2025 5179 2102 5245 ab
2160 5179 2375 5265 aliquo
2432 5198 2514 5246 ex
2572 5180 2702 5247 suis
2745 5177 3144 5247 Relatoribus
3199 5189 3311 5245 aut

1726 5266 2294 5351 QualificatoribuS,
2343 5268 2651 5356 siquando
2699 5269 2805 5335 illa
2868 5267 3031 5356 typis
3089 5266 3308 5354 impri-

1733 5356 2359 5428 mendi'tacultatem
2408 5354 2655 5441 tribuit,
2705 5356 2977 5445 iniungit
3023 5356 3308 5426 locorum
